@misc{atlassian_gitflow,
  author       = {{Atlassian}},
  title        = {Gitflow Workflow},
  howpublished = {\url{https://www.atlassian.com/br/git/tutorials/comparing-workflows/gitflow-workflow}},
  year         = {2025},
  note         = {Acessado em: 15 de outubro de 2025}
}

@misc{atlassian_scrum,
  author       = {{Atlassian}},
  title        = {O que é o Scrum?},
  howpublished = {\url{https://www.atlassian.com/br/agile/scrum}},
  year         = {2025},
  note         = {Acessado em: 15 de outubro de 2025}
}

@misc{duckdb_docs,
  author       = {{DuckDB Labs}},
  title        = {DuckDB - Documentation},
  howpublished = {\url{https://duckdb.org/docs/stable/}},
  year         = {2025},
  note         = {Acessado em: 15 de outubro de 2025}
}

@misc{lifeshub_sobre,
  author       = {{LifesHub}},
  title        = {Sobre a LifesHub},
  howpublished = {\url{https://www.lifeshub.com.br/sobre}},
  year         = {2025},
  note         = {Acessado em: 15 de outubro de 2025}
}

@misc{lifeshub_solucoes,
  author       = {{LifesHub}},
  title        = {Soluções},
  howpublished = {\url{https://www.lifeshub.com.br/solucoes}},
  year         = {2025},
  note         = {Acessado em: 15 de outubro de 2025}
}

@misc{ucommerce_etl,
  author       = {{Ucommerce}},
  title        = {O que é ETL: a importância da integração de dados},
  howpublished = {\url{https://ucommerce.com.br/o-que-e-etl/}},
  year         = {2025},
  note         = {Acessado em: 15 de outubro de 2025}
}

@misc{microsoft_etl,
  author       = {{Microsoft}},
  title        = {Extração, transformação e carregamento (ETL)},
  howpublished = {\url{https://learn.microsoft.com/pt-br/azure/architecture/data-guide/relational-data/etl}},
  year         = {2025},
  note         = {Acessado em: 15 de outubro de 2025}
}

@misc{talent500_dwdm,
  author       = {{Talent500}},
  title        = {Difference Between Data Warehouse And Data Mart},
  howpublished = {\url{https://talent500.com/blog/difference-between-data-warehouse-and-data-mart/}},
  year         = {2025},
  note         = {Acessado em: 15 de outubro de 2025}
}

@misc{aws_dwh,
  author       = {{Amazon Web Services}},
  title        = {O que é um Data Warehouse?},
  howpublished = {\url{https://aws.amazon.com/pt/what-is/data-warehouse/}},
  year         = {2025},
  note         = {Acessado em: 15 de outubro de 2025}
}

@misc{microsoft_vs,
  author       = {{Microsoft}},
  title        = {Visual Studio: IDE abrangente e ferramentas de desenvolvedor},
  howpublished = {\url{https://visualstudio.microsoft.com/pt-br/}},
  year         = {2025},
  note         = {Acessado em: 15 de outubro de 2025}
}

@misc{python_about,
  author       = {{Python Software Foundation}},
  title        = {About Python},
  howpublished = {\url{https://www.python.org/about/}},
  year         = {2025},
  note         = {Acessado em: 15 de outubro de 2025}
}

@misc{pypi_azureblob,
  author       = {{Python Package Index}},
  title        = {azure-storage-blob},
  howpublished = {\url{https://pypi.org/project/azure-storage-blob/}},
  year         = {2025},
  note         = {Acessado em: 15 de outubro de 2025}
}

@misc{pypi_pyyaml,
  author       = {{Python Package Index}},
  title        = {PyYAML},
  howpublished = {\url{https://pypi.org/project/PyYAML/}},
  year         = {2025},
  note         = {Acessado em: 15 de outubro de 2025}
}

@misc{requests_docs,
  author       = {{Requests}},
  title        = {Requests: HTTP for Humans},
  howpublished = {\url{https://requests.readthedocs.io/en/latest/}},
  year         = {2025},
  note         = {Acessado em: 15 de outubro de 2025}
}

@misc{dotenv_docs,
  author       = {Kumar, Saurabh},
  title        = {python-dotenv},
  howpublished = {\url{https://saurabh-kumar.com/python-dotenv/}},
  year         = {2025},
  note         = {Acessado em: 15 de outubro de 2025}
}

@misc{duckdb_home,
  author       = {{DuckDB Labs}},
  title        = {DuckDB},
  howpublished = {\url{https://duckdb.org/}},
  year         = {2025},
  note         = {Acessado em: 15 de outubro de 2025}
}

@misc{json_org,
  author       = {{JSON.org}},
  title        = {Introducing JSON},
  howpublished = {\url{https://www.json.org/json-en.html}},
  year         = {2025},
  note         = {Acessado em: 15 de outubro de 2025}
}